<record xmlns="http://www.loc.gov/MARC21/slim" xmlns:xsi="http://www.w3.org/2001/XMLSchema-instance" xsi:schemaLocation="http://www.loc.gov/MARC21/slim http://www.loc.gov/standards/marcxml/schema/MARC21slim.xsd"><leader>01880nam a2200373   4500</leader><controlfield tag="001">001592504</controlfield><controlfield tag="003">NNU</controlfield><controlfield tag="006">m        d        </controlfield><controlfield tag="007">cr cn |||m|||a</controlfield><controlfield tag="008">150223s1967    iq      ob    000 0 arax</controlfield><datafield ind1=" " ind2=" " tag="040"><subfield code="a">NNU</subfield><subfield code="b">eng</subfield><subfield code="c">NNU</subfield></datafield><datafield ind1="0" ind2=" " tag="050"><subfield code="a">BP130.4</subfield><subfield code="b">.Q57 1967</subfield></datafield><datafield ind1=" " ind2=" " tag="066"><subfield code="c">(3</subfield></datafield><datafield ind1=" " ind2=" " tag="090"><subfield code="a">BP130.4</subfield><subfield code="b">.Q57 1967</subfield></datafield><datafield ind1="1" ind2=" " tag="100"><subfield code="6">880-01</subfield><subfield code="a">Qumm&#299;, &#699;Al&#299; ibn Ibr&#257;h&#299;m,</subfield><subfield code="d">10th cent.</subfield></datafield><datafield ind1="1" ind2="0" tag="245"><subfield code="6">880-02</subfield><subfield code="a">Tafs&#299;r al-Qumm&#299;</subfield><subfield code="h">[electronic resource] /</subfield><subfield code="c">li-Ab&#299; al-&#7716;asan &#699;Al&#299; ibn Ibr&#257;h&#299;m al-Qumm&#299; ; &#7779;a&#7717;&#7717;a&#7717;ahu wa-&#699;allaqa &#699;alayhi wa-qaddama lahu &#7788;ayyib al-M&#363;saw&#299; al-Jaz&#257;&#700;ir&#299;.</subfield></datafield><datafield ind1=" " ind2=" " tag="260"><subfield code="6">880-03</subfield><subfield code="a">al-Najaf :</subfield><subfield code="b">Maktabat al-Hud&#225;,</subfield><subfield code="c">1386-1387 [1967]</subfield></datafield><datafield ind1=" " ind2=" " tag="300"><subfield code="a">online resource (2 v.)</subfield></datafield><datafield ind1=" " ind2=" " tag="500"><subfield code="a">In Arabic.</subfield></datafield><datafield ind1=" " ind2=" " tag="500"><subfield code="a">Part of the Arabic Collections Online (ACO) project, contributed by New York Univeristy Libraries.</subfield></datafield><datafield ind1=" " ind2=" " tag="504"><subfield code="a">Bibliographical footnotes.</subfield></datafield><datafield ind1=" " ind2=" " tag="533"><subfield code="a">Electronic reproduction.</subfield><subfield code="b">New York, N.Y. :</subfield><subfield code="c">New York University,</subfield><subfield code="d">2015.</subfield><subfield code="5">NNU</subfield></datafield><datafield ind1="0" ind2="0" tag="630"><subfield code="a">Koran</subfield><subfield code="v">Commentaries</subfield><subfield code="v">Early works to 1800.</subfield></datafield><datafield ind1="1" ind2=" " tag="700"><subfield code="6">880-04</subfield><subfield code="a">M&#363;sav&#299;, Sayyid T&#804;ayyib &#256;g&#818;&#7830;&#257;</subfield></datafield><datafield ind1="2" ind2=" " tag="710"><subfield code="a">New York University.</subfield><subfield code="b">Libraries.</subfield></datafield><datafield ind1="0" ind2=" " tag="730"><subfield code="a">Arabic Collections Online.</subfield></datafield><datafield ind1="0" ind2="8" tag="776"><subfield code="i">Print version:</subfield><subfield code="a">Qumm&#299;, &#699;Al&#299; ibn Ibr&#257;h&#299;m, 10th cent. 880-01</subfield><subfield code="t">Tafs&#299;r al-Qumm&#299;</subfield><subfield code="w">(NNU)001592504</subfield><subfield code="w">(DLC)NE 68003396</subfield></datafield><datafield ind1="4" ind2="0" tag="856"><subfield code="u">http://hdl.handle.net/2333.1/pk0p2qsv</subfield></datafield><datafield ind1="1" ind2=" " tag="880"><subfield code="6">100-01/</subfield><subfield code="a">&#1602;&#1605;&#1610;&#1548; &#1593;&#1604;&#1610; &#1576;&#1606; &#1575;&#1576;&#1585;&#1575;&#1607;&#1610;&#1605;.</subfield></datafield><datafield ind1="1" ind2="0" tag="880"><subfield code="6">245-02/</subfield><subfield code="a">&#1578;&#1601;&#1587;&#1610;&#1585; &#1575;&#1604;&#1602;&#1605;&#1610; /</subfield><subfield code="c">&#1604;&#1571;&#1576;&#1610; &#1575;&#1604;&#1581;&#1587;&#1606; &#1593;&#1604;&#1610; &#1575;&#1576;&#1585;&#1575;&#1607;&#1610;&#1605; &#1575;&#1604;&#1602;&#1605;&#1610; &#1563; &#1589;&#1581;&#1581;&#1607; &#1608;&#1593;&#1604;&#1602; &#1593;&#1604;&#1610;&#1607; &#1608;&#1602;&#1583;&#1605; &#1575;&#1607; &#1591;&#1610;&#1576; &#1575;&#1604;&#1605;&#1608;&#1587;&#1608;&#1610; &#1575;&#1604;&#1580;&#1586;&#1575;&#1574;&#1585;&#1610;.</subfield></datafield><datafield ind1=" " ind2=" " tag="880"><subfield code="6">260-03/</subfield><subfield code="a">&#1575;&#1604;&#1606;&#1580;&#1601; :</subfield><subfield code="b">&#1605;&#1603;&#1578;&#1576;&#1577; &#1575;&#1604;&#1607;&#1583;&#1609;&#1548;</subfield><subfield code="c">&#1633;&#1635;&#1640;&#1638;-&#1633;&#1635;&#1640;&#1639;.</subfield></datafield><datafield ind1="1" ind2=" " tag="880"><subfield code="6">700-04/</subfield><subfield code="a">&#1580;&#1586;&#1575;&#1574;&#1585;&#1610;&#1548; &#1591;&#1610;&#1576; &#1575;&#1604;&#1605;&#1608;&#1587;&#1608;&#1610;.</subfield></datafield><datafield ind1=" " ind2=" " tag="959"><subfield code="a">NNU</subfield><subfield code="b">WEB</subfield><subfield code="c">GENI</subfield><subfield code="t">0</subfield><subfield code="m">Electronic access</subfield><subfield code="s">01</subfield></datafield><datafield ind1=" " ind2=" " tag="999"><subfield code="i">NNU_001592504</subfield><subfield code="s">nyu_aco000156:v.1</subfield><subfield code="s">nyu_aco000157:v.2</subfield></datafield></record>